@inproceedings{Graham:1982,
 author = {Graham, Susan L. and Kessler, Peter B. and Mckusick, Marshall K.},
  title = {Gprof: A Call Graph Execution Profiler},
   booktitle = {Proceedings of the 1982 SIGPLAN Symposium on Compiler Construction},
    Series = {SIGPLAN},
     year = {1982},
      pages = {120--126},
      }